@online{WinNT,
	author = {MultiMedia LLC},
	title = {{MS Windows NT} Kernel Description},
	year = {1999},
	url = {http://www.google.com},
	urldate = {2010-09-30}
}

@online{VidexUk,
	author = {Videx Security},
	title = {GSM Intercoms},
	year = {2016},
	url = {https://www.videxuk.com/system/gsm-intercoms},
	urldate = {2022-04-28}
}

@online{LevelLock,
	author = {Level Home},
	title = {Level Lock: The Smallest and Most Advanced Smart Lock Ever},
	year = {2019},
	url = {https://level.co/products/lock},
	urldate = {2022-04-29}
}